%%
% 参考文献
% 参考文献是毕业设计(论文)不可缺少的组成部分,它反映毕业设计(论文)的取材来源、材料的广博程度和材料的可靠程度,也是作者对他人知识成果的承认和尊重。一份完整的参考文献可向读者提供一份有价值的信息资料,列入的文献应在 10 篇以上,其中外文文献在 2 篇以上。
%%

@program{sysu-thesis,
  title  = {中山大学毕业论文Latex模板},
  author = {Songguang Chen and Junjie Huang  and Yongfeng, Wang},
  url    = {https://github.com/SYSU-SCC/sysu-thesis},
  year   = {2020}
}

@inbook{fengBasicTheorem,
  title     = {Puzzles, Patterns, Problems, and Packings},
  author    = { Solomon W. Golomb, Warren Lushbaugh, Polyominoes},
  publisher = {Princeton University Press},
  year      = {1994},
  pages     = {116-118}
}

@article{zhangOneStain,
  title   = {残缺一格棋盘上线型骨牌覆盖问题的研究},
  author  = {张媛; 郭璐; 李冠洁},
  journal = {数学的实践与认知},
  year    = {2021}
}
@article{ZRZZ199205013,
  author  = {康庆德},
  title   = {格盘上的覆盖问题},
  journal = {自然杂志},
  volume  = {},
  number  = {377-381},
  year    = {1992},
  issn    = {0253-9608},
  doi     = {}
}

